@article{DistRepns,
  author    = {Tomas Mikolov and
              Ilya Sutskever and
              Kai Chen and
              Greg Corrado and
              Jeffrey Dean},
  title    = {Distributed Representations of Words and Phrases and their
              Compositionality},
  journal  = {CoRR},
  volume    = {abs/1310.4546},
  year      = {2013},
  ee        = {http://arxiv.org/abs/1310.4546},
  bibsource = {DBLP, http://dblp.uni-trier.de}
}
@article{EfficientEstimation,
  author    = {Tomas Mikolov and
               Kai Chen and
               Greg Corrado and
               Jeffrey Dean},
  title     = {Efficient Estimation of Word Representations in Vector Space},
  journal   = {CoRR},
  volume    = {abs/1301.3781},
  year      = {2013},
  ee        = {http://arxiv.org/abs/1301.3781},
  bibsource = {DBLP, http://dblp.uni-trier.de}
}
@article{harris54,
  added-at = {2010-08-05T14:23:58.000+0200},
  author = {Harris, Zellig},
  journal = {Word},
  key = {Harris},
  number = 23,
  pages = {146--162},
  timestamp = {2010-08-05T14:23:58.000+0200},
  title = {Distributional structure},
  volume = 10,
  year = 1954
}
@article{Arora2015,
  author    = {Sanjeev Arora and
               Yuanzhi Li and
               Yingyu Liang and
               Tengyu Ma and
               Andrej Risteski},
  title     = {Random Walks on Context Spaces: Towards an Explanation of the Mysteries
               of Semantic Word Embeddings},
  journal   = {CoRR},
  volume    = {abs/1502.03520},
  year      = {2015},
  url       = {http://arxiv.org/abs/1502.03520},
  timestamp = {Mon, 02 Mar 2015 14:17:34 +0100},
  biburl    = {http://dblp.uni-trier.de/rec/bib/journals/corr/AroraLLMR15},
  bibsource = {dblp computer science bibliography, http://dblp.org}
}
